@book{Daubechies:1992:TLW:130655,
 author = {Daubechies, Ingrid},
 title = {Ten Lectures on Wavelets},
 year = {1992},
 isbn = {0-89871-274-2},
 publisher = {Society for Industrial and Applied Mathematics},
 address = {Philadelphia, PA, USA},
}

@article{goljan2016effect,
  title={Effect of Compression on Sensor-Fingerprint Based Camera Identification},
  author={Goljan, Miroslav and Chen, Mo and Comesa{\~n}a, Pedro and Fridrich, Jessica},
  journal={Electronic Imaging},
  volume={2016},
  number={8},
  pages={1--10},
  year={2016},
  publisher={Society for Imaging Science and Technology}
}

@article{LEE1983255,
title = "Digital image smoothing and the sigma filter",
journal = "Computer Vision, Graphics, and Image Processing",
volume = "24",
number = "2",
pages = "255 - 269",
year = "1983",
note = "",
issn = "0734-189X",
doi = "http://dx.doi.org/10.1016/0734-189X(83)90047-6",
url = "http://www.sciencedirect.com/science/article/pii/0734189X83900476",
author = "Jong-Sen Lee",
}

@article{figprnu,
title = "Source Camera Identification Using Image Sensor PRNU Pattern",
journal = "Department of Electrical and Electronic Engineering, Imperial College, London",
url = "http://www.commsp.ee.ic.ac.uk/~hmuammar/index.html",
author = "Hani Muammar",
}

@article{Amerini2014831,
title = "Blind image clustering based on the Normalized Cuts criterion for camera identification ",
journal = "Signal Processing: Image Communication ",
volume = "29",
number = "8",
pages = "831 - 843",
year = "2014",
note = "",
issn = "0923-5965",
doi = "http://dx.doi.org/10.1016/j.image.2014.07.003",
url = "http://www.sciencedirect.com/science/article/pii/S092359651400109X",
author = "I. Amerini and R. Caldelli and P. Crescenzi and A. Del Mastio and A. Marino",
keywords = "Image forensics",
keywords = "Source identification",
keywords = "Clustering",
keywords = "Normalized Cuts "
}


